<record><leader>00000cas a22000007a 4500</leader><controlfield tag="001">9383954</controlfield><controlfield tag="008">830407d19831994arudn ne      0   a0eng d</controlfield><controlfield tag="009">467</controlfield><datafield ind1=" " ind2=" " tag="010"><subfield code="a">sn 83000653 </subfield></datafield><datafield ind1=" " ind2=" " tag="040"><subfield code="a">NSD</subfield><subfield code="b">eng</subfield><subfield code="c">NSD</subfield><subfield code="d">ANU</subfield><subfield code="d">NSD</subfield><subfield code="d">OCLCQ</subfield></datafield><datafield ind1=" " ind2=" " tag="012"><subfield code="j">0</subfield><subfield code="m">d</subfield></datafield><datafield ind1="1" ind2=" " tag="022"><subfield code="a">0745-6956</subfield><subfield code="l">0745-6956</subfield><subfield code="2">1</subfield></datafield><datafield ind1="1" ind2=" " tag="029"><subfield code="a">AU@</subfield><subfield code="b">000025802086</subfield></datafield><datafield ind1=" " ind2=" " tag="037"><subfield code="b">Arkansas Newspapers Inc., 201 E. 2nd St., Russellville, AR 72801</subfield></datafield><datafield ind1=" " ind2=" " tag="042"><subfield code="a">nsdp</subfield></datafield><datafield ind1="0" ind2=" " tag="130"><subfield code="a">Courier Democrat (Russellville, Ark. : Daily : 1983)</subfield></datafield><datafield ind1=" " ind2="0" tag="222"><subfield code="a">Courier Democrat</subfield></datafield><datafield ind1="0" ind2="0" tag="245"><subfield code="a">Courier Democrat.</subfield></datafield><datafield ind1=" " ind2=" " tag="260"><subfield code="a">Russellville, Ark. :</subfield><subfield code="b">Arkansas Newspaper[s]</subfield></datafield><datafield ind1=" " ind2=" " tag="310"><subfield code="a">Daily (except Saturday)</subfield></datafield><datafield ind1="0" ind2=" " tag="362"><subfield code="a">59th year, no. 27 (Feb. 1, 1983)-</subfield></datafield><datafield ind1="1" ind2=" " tag="362"><subfield code="a">Ceased in 1994.</subfield></datafield><datafield ind1=" " ind2="4" tag="651"><subfield code="a">Russellville (Ark.)</subfield><subfield code="v">Newspapers.</subfield></datafield><datafield ind1=" " ind2="4" tag="651"><subfield code="a">Pope County (Ark.)</subfield><subfield code="v">Newspapers.</subfield></datafield><datafield ind1=" " ind2=" " tag="752"><subfield code="a">United States</subfield><subfield code="b">Arkansas</subfield><subfield code="c">Pope</subfield><subfield code="d">Russellville.</subfield></datafield><datafield ind1="0" ind2="0" tag="780"><subfield code="t">Daily courier-Democrat</subfield><subfield code="w">(DLC)sn 90050144</subfield></datafield><datafield ind1="0" ind2="0" tag="785"><subfield code="t">Courier (Russellville, Ark.)</subfield><subfield code="x">1075-1866</subfield><subfield code="w">(DLC)sn 94002291</subfield><subfield code="w">(OCoLC)29962104</subfield></datafield><datafield ind1=" " ind2=" " tag="936"><subfield code="a">Mar. 15, 1983</subfield></datafield></record>